@book{knuth84,
 title="The texbook",
 author="{Donald Ervin} Knuth and Duane Bibby",
 volume="3",
 year="1984",
 publisher="Addison-Wesley Reading"
}
